{
    "symbol": "SYF",
    "annualReports": [
        {
            "fiscalDateEnding": "2022-12-31",
            "reportedCurrency": "USD",
            "grossProfit": "4918000000",
            "totalRevenue": "12630000000",
            "costOfRevenue": "7712000000",
            "costofGoodsAndServicesSold": "None",
            "operatingIncome": "3349000000",
            "sellingGeneralAndAdministrative": "1569000000",
            "researchAndDevelopment": "None",
            "operatingExpenses": "1569000000",
            "investmentIncomeNet": "None",
            "netInterestIncome": "15625000000",
            "interestIncome": "17146000000",
            "interestExpense": "1521000000",
            "nonInterestIncome": "380000000",
            "otherNonOperatingIncome": "None",
            "depreciation": "None",
            "depreciationAndAmortization": "419000000",
            "incomeBeforeTax": "3962000000",
            "incomeTaxExpense": "946000000",
            "interestAndDebtExpense": "1521000000",
            "netIncomeFromContinuingOperations": "3016000000",
            "comprehensiveIncomeNetOfTax": "2960000000",
            "ebit": "5483000000",
            "ebitda": "5860000000",
            "netIncome": "3016000000"
        },
        {
            "fiscalDateEnding": "2021-12-31",
            "reportedCurrency": "USD",
            "grossProfit": "9305000000",
            "totalRevenue": "13994000000",
            "costOfRevenue": "4689000000",
            "costofGoodsAndServicesSold": "None",
            "operatingIncome": "7812000000",
            "sellingGeneralAndAdministrative": "1443000000",
            "researchAndDevelopment": "None",
            "operatingExpenses": "1493000000",
            "investmentIncomeNet": "None",
            "netInterestIncome": "14239000000",
            "interestIncome": "15271000000",
            "interestExpense": "1032000000",
            "nonInterestIncome": "481000000",
            "otherNonOperatingIncome": "None",
            "depreciation": "None",
            "depreciationAndAmortization": "390000000",
            "incomeBeforeTax": "5503000000",
            "incomeTaxExpense": "1282000000",
            "interestAndDebtExpense": "1032000000",
            "netIncomeFromContinuingOperations": "4221000000",
            "comprehensiveIncomeNetOfTax": "4203000000",
            "ebit": "6535000000",
            "ebitda": "6925000000",
            "netIncome": "4221000000"
        },
        {
            "fiscalDateEnding": "2020-12-31",
            "reportedCurrency": "USD",
            "grossProfit": "132000000",
            "totalRevenue": "9497000000",
            "costOfRevenue": "9365000000",
            "costofGoodsAndServicesSold": "None",
            "operatingIncome": "-1313000000",
            "sellingGeneralAndAdministrative": "1358000000",
            "researchAndDevelopment": "None",
            "operatingExpenses": "1445000000",
            "investmentIncomeNet": "None",
            "netInterestIncome": "14402000000",
            "interestIncome": "16067000000",
            "interestExpense": "1665000000",
            "nonInterestIncome": "405000000",
            "otherNonOperatingIncome": "None",
            "depreciation": "None",
            "depreciationAndAmortization": "383000000",
            "incomeBeforeTax": "1797000000",
            "incomeTaxExpense": "412000000",
            "interestAndDebtExpense": "1665000000",
            "netIncomeFromContinuingOperations": "1385000000",
            "comprehensiveIncomeNetOfTax": "1392000000",
            "ebit": "3462000000",
            "ebitda": "3845000000",
            "netIncome": "1385000000"
        },
        {
            "fiscalDateEnding": "2019-12-31",
            "reportedCurrency": "USD",
            "grossProfit": "4565000000",
            "totalRevenue": "12990000000",
            "costOfRevenue": "8425000000",
            "costofGoodsAndServicesSold": "-1566000000",
            "operatingIncome": "3094000000",
            "sellingGeneralAndAdministrative": "1471000000",
            "researchAndDevelopment": "None",
            "operatingExpenses": "1471000000",
            "investmentIncomeNet": "None",
            "netInterestIncome": "16799000000",
            "interestIncome": "19090000000",
            "interestExpense": "2291000000",
            "nonInterestIncome": "371000000",
            "otherNonOperatingIncome": "None",
            "depreciation": "None",
            "depreciationAndAmortization": "367000000",
            "incomeBeforeTax": "4887000000",
            "incomeTaxExpense": "1140000000",
            "interestAndDebtExpense": "2291000000",
            "netIncomeFromContinuingOperations": "3747000000",
            "comprehensiveIncomeNetOfTax": "3764000000",
            "ebit": "7178000000",
            "ebitda": "7545000000",
            "netIncome": "3747000000"
        },
        {
            "fiscalDateEnding": "2018-12-31",
            "reportedCurrency": "USD",
            "grossProfit": "1198000000",
            "totalRevenue": "10838000000",
            "costOfRevenue": "9640000000",
            "costofGoodsAndServicesSold": "-1186000000",
            "operatingIncome": "-151000000",
            "sellingGeneralAndAdministrative": "1349000000",
            "researchAndDevelopment": "None",
            "operatingExpenses": "1349000000",
            "investmentIncomeNet": "None",
            "netInterestIncome": "16118000000",
            "interestIncome": "17988000000",
            "interestExpense": "1870000000",
            "nonInterestIncome": "265000000",
            "otherNonOperatingIncome": "None",
            "depreciation": "None",
            "depreciationAndAmortization": "302000000",
            "incomeBeforeTax": "3644000000",
            "incomeTaxExpense": "854000000",
            "interestAndDebtExpense": "1870000000",
            "netIncomeFromContinuingOperations": "2790000000",
            "comprehensiveIncomeNetOfTax": "2792000000",
            "ebit": "5514000000",
            "ebitda": "5816000000",
            "netIncome": "2790000000"
        }
    ],
    "quarterlyReports": [
        {
            "fiscalDateEnding": "2023-03-31",
            "reportedCurrency": "USD",
            "grossProfit": "417000000",
            "totalRevenue": "2826000000",
            "costOfRevenue": "2409000000",
            "costofGoodsAndServicesSold": "None",
            "operatingIncome": "65000000",
            "sellingGeneralAndAdministrative": "352000000",
            "researchAndDevelopment": "None",
            "operatingExpenses": "352000000",
            "investmentIncomeNet": "None",
            "netInterestIncome": "4051000000",
            "interestIncome": "4786000000",
            "interestExpense": "735000000",
            "nonInterestIncome": "65000000",
            "otherNonOperatingIncome": "None",
            "depreciation": "None",
            "depreciationAndAmortization": "None",
            "incomeBeforeTax": "790000000",
            "incomeTaxExpense": "189000000",
            "interestAndDebtExpense": "735000000",
            "netIncomeFromContinuingOperations": "601000000",
            "comprehensiveIncomeNetOfTax": "624000000",
            "ebit": "1525000000",
            "ebitda": "1525000000",
            "netIncome": "601000000"
        },
        {
            "fiscalDateEnding": "2022-12-31",
            "reportedCurrency": "USD",
            "grossProfit": "583000000",
            "totalRevenue": "2935000000",
            "costOfRevenue": "2352000000",
            "costofGoodsAndServicesSold": "None",
            "operatingIncome": "71000000",
            "sellingGeneralAndAdministrative": "512000000",
            "researchAndDevelopment": "None",
            "operatingExpenses": "512000000",
            "investmentIncomeNet": "None",
            "netInterestIncome": "4106000000",
            "interestIncome": "4708000000",
            "interestExpense": "602000000",
            "nonInterestIncome": "30000000",
            "otherNonOperatingIncome": "None",
            "depreciation": "None",
            "depreciationAndAmortization": "101000000",
            "incomeBeforeTax": "741000000",
            "incomeTaxExpense": "164000000",
            "interestAndDebtExpense": "602000000",
            "netIncomeFromContinuingOperations": "577000000",
            "comprehensiveIncomeNetOfTax": "639000000",
            "ebit": "1343000000",
            "ebitda": "1413000000",
            "netIncome": "577000000"
        },
        {
            "fiscalDateEnding": "2022-09-30",
            "reportedCurrency": "USD",
            "grossProfit": "1050000000",
            "totalRevenue": "3043000000",
            "costOfRevenue": "1993000000",
            "costofGoodsAndServicesSold": "None",
            "operatingIncome": "696000000",
            "sellingGeneralAndAdministrative": "354000000",
            "researchAndDevelopment": "None",
            "operatingExpenses": "354000000",
            "investmentIncomeNet": "None",
            "netInterestIncome": "3928000000",
            "interestIncome": "4342000000",
            "interestExpense": "414000000",
            "nonInterestIncome": "44000000",
            "otherNonOperatingIncome": "None",
            "depreciation": "None",
            "depreciationAndAmortization": "318000000",
            "incomeBeforeTax": "922000000",
            "incomeTaxExpense": "219000000",
            "interestAndDebtExpense": "414000000",
            "netIncomeFromContinuingOperations": "703000000",
            "comprehensiveIncomeNetOfTax": "665000000",
            "ebit": "1336000000",
            "ebitda": "1430000000",
            "netIncome": "703000000"
        },
        {
            "fiscalDateEnding": "2022-06-30",
            "reportedCurrency": "USD",
            "grossProfit": "1469000000",
            "totalRevenue": "3276000000",
            "costOfRevenue": "1807000000",
            "costofGoodsAndServicesSold": "None",
            "operatingIncome": "1121000000",
            "sellingGeneralAndAdministrative": "348000000",
            "researchAndDevelopment": "None",
            "operatingExpenses": "348000000",
            "investmentIncomeNet": "None",
            "netInterestIncome": "3802000000",
            "interestIncome": "4074000000",
            "interestExpense": "272000000",
            "nonInterestIncome": "198000000",
            "otherNonOperatingIncome": "None",
            "depreciation": "None",
            "depreciationAndAmortization": "106000000",
            "incomeBeforeTax": "1066000000",
            "incomeTaxExpense": "262000000",
            "interestAndDebtExpense": "272000000",
            "netIncomeFromContinuingOperations": "804000000",
            "comprehensiveIncomeNetOfTax": "776000000",
            "ebit": "1338000000",
            "ebitda": "1444000000",
            "netIncome": "804000000"
        },
        {
            "fiscalDateEnding": "2022-03-31",
            "reportedCurrency": "USD",
            "grossProfit": "1816000000",
            "totalRevenue": "3376000000",
            "costOfRevenue": "1560000000",
            "costofGoodsAndServicesSold": "None",
            "operatingIncome": "1461000000",
            "sellingGeneralAndAdministrative": "355000000",
            "researchAndDevelopment": "None",
            "operatingExpenses": "355000000",
            "investmentIncomeNet": "None",
            "netInterestIncome": "3789000000",
            "interestIncome": "4022000000",
            "interestExpense": "233000000",
            "nonInterestIncome": "108000000",
            "otherNonOperatingIncome": "None",
            "depreciation": "None",
            "depreciationAndAmortization": "107000000",
            "incomeBeforeTax": "1233000000",
            "incomeTaxExpense": "301000000",
            "interestAndDebtExpense": "233000000",
            "netIncomeFromContinuingOperations": "932000000",
            "comprehensiveIncomeNetOfTax": "880000000",
            "ebit": "1466000000",
            "ebitda": "1573000000",
            "netIncome": "932000000"
        },
        {
            "fiscalDateEnding": "2021-12-31",
            "reportedCurrency": "USD",
            "grossProfit": "1753000000",
            "totalRevenue": "3436000000",
            "costOfRevenue": "1683000000",
            "costofGoodsAndServicesSold": "None",
            "operatingIncome": "1242000000",
            "sellingGeneralAndAdministrative": "461000000",
            "researchAndDevelopment": "None",
            "operatingExpenses": "511000000",
            "investmentIncomeNet": "None",
            "netInterestIncome": "3830000000",
            "interestIncome": "4053000000",
            "interestExpense": "223000000",
            "nonInterestIncome": "167000000",
            "otherNonOperatingIncome": "None",
            "depreciation": "None",
            "depreciationAndAmortization": "105000000",
            "incomeBeforeTax": "1047000000",
            "incomeTaxExpense": "234000000",
            "interestAndDebtExpense": "223000000",
            "netIncomeFromContinuingOperations": "813000000",
            "comprehensiveIncomeNetOfTax": "808000000",
            "ebit": "1270000000",
            "ebitda": "1375000000",
            "netIncome": "813000000"
        },
        {
            "fiscalDateEnding": "2021-09-30",
            "reportedCurrency": "USD",
            "grossProfit": "2741000000",
            "totalRevenue": "3727000000",
            "costOfRevenue": "986000000",
            "costofGoodsAndServicesSold": "None",
            "operatingIncome": "2406000000",
            "sellingGeneralAndAdministrative": "335000000",
            "researchAndDevelopment": "None",
            "operatingExpenses": "335000000",
            "investmentIncomeNet": "None",
            "netInterestIncome": "3658000000",
            "interestIncome": "3898000000",
            "interestExpense": "240000000",
            "nonInterestIncome": "94000000",
            "otherNonOperatingIncome": "None",
            "depreciation": "None",
            "depreciationAndAmortization": "285000000",
            "incomeBeforeTax": "1500000000",
            "incomeTaxExpense": "359000000",
            "interestAndDebtExpense": "240000000",
            "netIncomeFromContinuingOperations": "1141000000",
            "comprehensiveIncomeNetOfTax": "1133000000",
            "ebit": "1740000000",
            "ebitda": "1833000000",
            "netIncome": "1141000000"
        },
        {
            "fiscalDateEnding": "2021-06-30",
            "reportedCurrency": "USD",
            "grossProfit": "2841000000",
            "totalRevenue": "3595000000",
            "costOfRevenue": "754000000",
            "costofGoodsAndServicesSold": "None",
            "operatingIncome": "2515000000",
            "sellingGeneralAndAdministrative": "326000000",
            "researchAndDevelopment": "None",
            "operatingExpenses": "326000000",
            "investmentIncomeNet": "None",
            "netInterestIncome": "3312000000",
            "interestIncome": "3578000000",
            "interestExpense": "266000000",
            "nonInterestIncome": "89000000",
            "otherNonOperatingIncome": "None",
            "depreciation": "None",
            "depreciationAndAmortization": "97000000",
            "incomeBeforeTax": "1641000000",
            "incomeTaxExpense": "399000000",
            "interestAndDebtExpense": "266000000",
            "netIncomeFromContinuingOperations": "1242000000",
            "comprehensiveIncomeNetOfTax": "1242000000",
            "ebit": "1907000000",
            "ebitda": "2004000000",
            "netIncome": "1242000000"
        },
        {
            "fiscalDateEnding": "2021-03-31",
            "reportedCurrency": "USD",
            "grossProfit": "1970000000",
            "totalRevenue": "3236000000",
            "costOfRevenue": "1266000000",
            "costofGoodsAndServicesSold": "None",
            "operatingIncome": "1649000000",
            "sellingGeneralAndAdministrative": "321000000",
            "researchAndDevelopment": "None",
            "operatingExpenses": "321000000",
            "investmentIncomeNet": "None",
            "netInterestIncome": "3439000000",
            "interestIncome": "3742000000",
            "interestExpense": "303000000",
            "nonInterestIncome": "131000000",
            "otherNonOperatingIncome": "None",
            "depreciation": "None",
            "depreciationAndAmortization": "95000000",
            "incomeBeforeTax": "1315000000",
            "incomeTaxExpense": "290000000",
            "interestAndDebtExpense": "303000000",
            "netIncomeFromContinuingOperations": "1025000000",
            "comprehensiveIncomeNetOfTax": "1020000000",
            "ebit": "1618000000",
            "ebitda": "1713000000",
            "netIncome": "1025000000"
        },
        {
            "fiscalDateEnding": "2020-12-31",
            "reportedCurrency": "USD",
            "grossProfit": "1241000000",
            "totalRevenue": "2991000000",
            "costOfRevenue": "1750000000",
            "costofGoodsAndServicesSold": "None",
            "operatingIncome": "822000000",
            "sellingGeneralAndAdministrative": "421000000",
            "researchAndDevelopment": "None",
            "operatingExpenses": "419000000",
            "investmentIncomeNet": "None",
            "netInterestIncome": "3659000000",
            "interestIncome": "3993000000",
            "interestExpense": "334000000",
            "nonInterestIncome": "82000000",
            "otherNonOperatingIncome": "None",
            "depreciation": "None",
            "depreciationAndAmortization": "93000000",
            "incomeBeforeTax": "944000000",
            "incomeTaxExpense": "206000000",
            "interestAndDebtExpense": "334000000",
            "netIncomeFromContinuingOperations": "738000000",
            "comprehensiveIncomeNetOfTax": "718000000",
            "ebit": "1278000000",
            "ebitda": "1371000000",
            "netIncome": "738000000"
        },
        {
            "fiscalDateEnding": "2020-09-30",
            "reportedCurrency": "USD",
            "grossProfit": "101000000",
            "totalRevenue": "2378000000",
            "costOfRevenue": "2277000000",
            "costofGoodsAndServicesSold": "-245000000",
            "operatingIncome": "-300000000",
            "sellingGeneralAndAdministrative": "312000000",
            "researchAndDevelopment": "None",
            "operatingExpenses": "401000000",
            "investmentIncomeNet": "None",
            "netInterestIncome": "3457000000",
            "interestIncome": "3837000000",
            "interestExpense": "380000000",
            "nonInterestIncome": "131000000",
            "otherNonOperatingIncome": "None",
            "depreciation": "None",
            "depreciationAndAmortization": "97000000",
            "incomeBeforeTax": "412000000",
            "incomeTaxExpense": "99000000",
            "interestAndDebtExpense": "380000000",
            "netIncomeFromContinuingOperations": "313000000",
            "comprehensiveIncomeNetOfTax": "319000000",
            "ebit": "792000000",
            "ebitda": "889000000",
            "netIncome": "313000000"
        },
        {
            "fiscalDateEnding": "2020-06-30",
            "reportedCurrency": "USD",
            "grossProfit": "-841000000",
            "totalRevenue": "1818000000",
            "costOfRevenue": "2659000000",
            "costofGoodsAndServicesSold": "-293000000",
            "operatingIncome": "-1146000000",
            "sellingGeneralAndAdministrative": "305000000",
            "researchAndDevelopment": "None",
            "operatingExpenses": "305000000",
            "investmentIncomeNet": "None",
            "netInterestIncome": "3396000000",
            "interestIncome": "3830000000",
            "interestExpense": "434000000",
            "nonInterestIncome": "95000000",
            "otherNonOperatingIncome": "None",
            "depreciation": "None",
            "depreciationAndAmortization": "97000000",
            "incomeBeforeTax": "59000000",
            "incomeTaxExpense": "11000000",
            "interestAndDebtExpense": "434000000",
            "netIncomeFromContinuingOperations": "48000000",
            "comprehensiveIncomeNetOfTax": "60000000",
            "ebit": "493000000",
            "ebitda": "590000000",
            "netIncome": "48000000"
        },
        {
            "fiscalDateEnding": "2020-03-31",
            "reportedCurrency": "USD",
            "grossProfit": "-369000000",
            "totalRevenue": "2310000000",
            "costOfRevenue": "2679000000",
            "costofGoodsAndServicesSold": "-356000000",
            "operatingIncome": "-689000000",
            "sellingGeneralAndAdministrative": "320000000",
            "researchAndDevelopment": "None",
            "operatingExpenses": "320000000",
            "investmentIncomeNet": "None",
            "netInterestIncome": "3890000000",
            "interestIncome": "4407000000",
            "interestExpense": "517000000",
            "nonInterestIncome": "97000000",
            "otherNonOperatingIncome": "None",
            "depreciation": "None",
            "depreciationAndAmortization": "96000000",
            "incomeBeforeTax": "382000000",
            "incomeTaxExpense": "96000000",
            "interestAndDebtExpense": "517000000",
            "netIncomeFromContinuingOperations": "286000000",
            "comprehensiveIncomeNetOfTax": "295000000",
            "ebit": "899000000",
            "ebitda": "995000000",
            "netIncome": "286000000"
        },
        {
            "fiscalDateEnding": "2019-12-31",
            "reportedCurrency": "USD",
            "grossProfit": "4029000000",
            "totalRevenue": "4029000000",
            "costOfRevenue": "2183000000",
            "costofGoodsAndServicesSold": "-383000000",
            "operatingIncome": "4029000000",
            "sellingGeneralAndAdministrative": "440000000",
            "researchAndDevelopment": "None",
            "operatingExpenses": "440000000",
            "investmentIncomeNet": "None",
            "netInterestIncome": "4029000000",
            "interestIncome": "4585000000",
            "interestExpense": "556000000",
            "nonInterestIncome": "104000000",
            "otherNonOperatingIncome": "None",
            "depreciation": "None",
            "depreciationAndAmortization": "94000000",
            "incomeBeforeTax": "921000000",
            "incomeTaxExpense": "190000000",
            "interestAndDebtExpense": "556000000",
            "netIncomeFromContinuingOperations": "731000000",
            "comprehensiveIncomeNetOfTax": "717000000",
            "ebit": "1477000000",
            "ebitda": "1571000000",
            "netIncome": "731000000"
        },
        {
            "fiscalDateEnding": "2019-09-30",
            "reportedCurrency": "USD",
            "grossProfit": "1372000000",
            "totalRevenue": "3455000000",
            "costOfRevenue": "2083000000",
            "costofGoodsAndServicesSold": "-411000000",
            "operatingIncome": "1040000000",
            "sellingGeneralAndAdministrative": "332000000",
            "researchAndDevelopment": "None",
            "operatingExpenses": "332000000",
            "investmentIncomeNet": "None",
            "netInterestIncome": "4389000000",
            "interestIncome": "4981000000",
            "interestExpense": "592000000",
            "nonInterestIncome": "85000000",
            "otherNonOperatingIncome": "None",
            "depreciation": "None",
            "depreciationAndAmortization": "94000000",
            "incomeBeforeTax": "1375000000",
            "incomeTaxExpense": "319000000",
            "interestAndDebtExpense": "592000000",
            "netIncomeFromContinuingOperations": "1056000000",
            "comprehensiveIncomeNetOfTax": "1055000000",
            "ebit": "1967000000",
            "ebitda": "2061000000",
            "netIncome": "1056000000"
        },
        {
            "fiscalDateEnding": "2019-06-30",
            "reportedCurrency": "USD",
            "grossProfit": "790000000",
            "totalRevenue": "3047000000",
            "costOfRevenue": "2257000000",
            "costofGoodsAndServicesSold": "-397000000",
            "operatingIncome": "436000000",
            "sellingGeneralAndAdministrative": "354000000",
            "researchAndDevelopment": "None",
            "operatingExpenses": "354000000",
            "investmentIncomeNet": "None",
            "netInterestIncome": "4155000000",
            "interestIncome": "4738000000",
            "interestExpense": "583000000",
            "nonInterestIncome": "90000000",
            "otherNonOperatingIncome": "None",
            "depreciation": "None",
            "depreciationAndAmortization": "92000000",
            "incomeBeforeTax": "1129000000",
            "incomeTaxExpense": "276000000",
            "interestAndDebtExpense": "583000000",
            "netIncomeFromContinuingOperations": "853000000",
            "comprehensiveIncomeNetOfTax": "866000000",
            "ebit": "1712000000",
            "ebitda": "1804000000",
            "netIncome": "853000000"
        },
        {
            "fiscalDateEnding": "2019-03-31",
            "reportedCurrency": "USD",
            "grossProfit": "1557000000",
            "totalRevenue": "3459000000",
            "costOfRevenue": "1902000000",
            "costofGoodsAndServicesSold": "-375000000",
            "operatingIncome": "1212000000",
            "sellingGeneralAndAdministrative": "345000000",
            "researchAndDevelopment": "None",
            "operatingExpenses": "345000000",
            "investmentIncomeNet": "None",
            "netInterestIncome": "4226000000",
            "interestIncome": "4786000000",
            "interestExpense": "560000000",
            "nonInterestIncome": "92000000",
            "otherNonOperatingIncome": "None",
            "depreciation": "None",
            "depreciationAndAmortization": "87000000",
            "incomeBeforeTax": "1462000000",
            "incomeTaxExpense": "355000000",
            "interestAndDebtExpense": "560000000",
            "netIncomeFromContinuingOperations": "1107000000",
            "comprehensiveIncomeNetOfTax": "1126000000",
            "ebit": "2022000000",
            "ebitda": "2109000000",
            "netIncome": "1107000000"
        },
        {
            "fiscalDateEnding": "2018-12-31",
            "reportedCurrency": "USD",
            "grossProfit": "4333000000",
            "totalRevenue": "4333000000",
            "costOfRevenue": "2530000000",
            "costofGoodsAndServicesSold": "-350000000",
            "operatingIncome": "4333000000",
            "sellingGeneralAndAdministrative": "466000000",
            "researchAndDevelopment": "None",
            "operatingExpenses": "466000000",
            "investmentIncomeNet": "None",
            "netInterestIncome": "4333000000",
            "interestIncome": "4876000000",
            "interestExpense": "543000000",
            "nonInterestIncome": "64000000",
            "otherNonOperatingIncome": "None",
            "depreciation": "None",
            "depreciationAndAmortization": "80000000",
            "incomeBeforeTax": "1012000000",
            "incomeTaxExpense": "229000000",
            "interestAndDebtExpense": "543000000",
            "netIncomeFromContinuingOperations": "783000000",
            "comprehensiveIncomeNetOfTax": "820000000",
            "ebit": "1555000000",
            "ebitda": "1635000000",
            "netIncome": "783000000"
        },
        {
            "fiscalDateEnding": "2018-09-30",
            "reportedCurrency": "USD",
            "grossProfit": "313000000",
            "totalRevenue": "2818000000",
            "costOfRevenue": "2505000000",
            "costofGoodsAndServicesSold": "-314000000",
            "operatingIncome": "-24000000",
            "sellingGeneralAndAdministrative": "337000000",
            "researchAndDevelopment": "None",
            "operatingExpenses": "337000000",
            "investmentIncomeNet": "None",
            "netInterestIncome": "4206000000",
            "interestIncome": "4694000000",
            "interestExpense": "488000000",
            "nonInterestIncome": "63000000",
            "otherNonOperatingIncome": "None",
            "depreciation": "None",
            "depreciationAndAmortization": "78000000",
            "incomeBeforeTax": "893000000",
            "incomeTaxExpense": "222000000",
            "interestAndDebtExpense": "488000000",
            "netIncomeFromContinuingOperations": "671000000",
            "comprehensiveIncomeNetOfTax": "665000000",
            "ebit": "1381000000",
            "ebitda": "1459000000",
            "netIncome": "671000000"
        },
        {
            "fiscalDateEnding": "2018-06-30",
            "reportedCurrency": "USD",
            "grossProfit": "265000000",
            "totalRevenue": "2520000000",
            "costOfRevenue": "2255000000",
            "costofGoodsAndServicesSold": "-273000000",
            "operatingIncome": "-362000000",
            "sellingGeneralAndAdministrative": "627000000",
            "researchAndDevelopment": "None",
            "operatingExpenses": "627000000",
            "investmentIncomeNet": "None",
            "netInterestIncome": "3737000000",
            "interestIncome": "4174000000",
            "interestExpense": "437000000",
            "nonInterestIncome": "63000000",
            "otherNonOperatingIncome": "None",
            "depreciation": "None",
            "depreciationAndAmortization": "73000000",
            "incomeBeforeTax": "892000000",
            "incomeTaxExpense": "196000000",
            "interestAndDebtExpense": "437000000",
            "netIncomeFromContinuingOperations": "696000000",
            "comprehensiveIncomeNetOfTax": "689000000",
            "ebit": "1329000000",
            "ebitda": "1402000000",
            "netIncome": "696000000"
        }
    ]
}